<?xml version = "1.0" encoding = "UTF-8"?><OAI-PMH xmlns="http://www.openarchives.org/OAI/2.0/" xmlns:xsi="http://www.w3.org/2001/XMLSchema-instance" xsi:schemaLocation="http://www.openarchives.org/OAI/2.0/ http://www.openarchives.org/OAI/2.0/OAI-PMH.xsd"><ListRecords><record><header><identifier>aleph-publish:011048675</identifier></header><metadata><record xmlns="http://www.ddb.de/professionell/mabxml/mabxml-1.xsd"><leader>00811vM2.01200024------h</leader><controlfield tag="LDR">00811vM2.01200024------h</controlfield><controlfield tag="FMT">MH</controlfield><datafield tag="001" ind1="-" ind2="1"><subfield code="a">BT000001048</subfield></datafield><datafield tag="002" ind1="a" ind2="1"><subfield code="a">19950221</subfield></datafield><datafield tag="003" ind1="-" ind2="1"><subfield code="a">20210408121117.0</subfield></datafield><datafield tag="025" ind1="o" ind2="1"><subfield code="a">1069750599</subfield></datafield><datafield tag="026" ind1="-" ind2="1"><subfield code="a">HBZBT000001048</subfield></datafield><controlfield tag="030">a|1uc||||||17</controlfield><controlfield tag="050">a|||||||||||||</controlfield><controlfield tag="051">m|||||||</controlfield><datafield tag="064" ind1="a" ind2="1"><subfield code="a">Biografie</subfield><subfield code="9">(DE-588)4006804-3</subfield></datafield><datafield tag="070" ind1="-" ind2="1"><subfield code="a">61/NWBib</subfield></datafield><datafield tag="070" ind1="b" ind2="1"><subfield code="a">HBZ/Red</subfield></datafield><datafield tag="078" ind1="n" ind2="1"><subfield code="a">NWBib</subfield></datafield><datafield tag="080" ind1="-" ind2="1"><subfield code="a">60</subfield></datafield><datafield tag="100" ind1="-" ind2="1"><subfield code="p">Kremer, Heribert</subfield></datafield><datafield tag="104" ind1="b" ind2="1"><subfield code="p">Meigen, Johann Wilhelm</subfield><subfield code="d">1764-1845</subfield><subfield code="b">[Ill.]</subfield><subfield code="9">(DE-588)100307698</subfield></datafield><datafield tag="105" ind1="-" ind2="1"><subfield code="p">Meigen, J. W.</subfield><subfield code="d">1764-1845</subfield></datafield><datafield tag="105" ind1="-" ind2="1"><subfield code="p">Meigen, Joh. Wilh.</subfield><subfield code="d">1764-1845</subfield></datafield><datafield tag="105" ind1="-" ind2="1"><subfield code="p">Meigen, I. W.</subfield><subfield code="d">1764-1845</subfield></datafield><datafield tag="105" ind1="-" ind2="1"><subfield code="p">Meigen, Johannes Wilhelm</subfield><subfield code="d">1764-1845</subfield></datafield><datafield tag="331" ind1="-" ind2="1"><subfield code="a">Johann Wilhelm Meigen, ein Entomologe von Weltgeltung</subfield></datafield><datafield tag="335" ind1="-" ind2="1"><subfield code="a">eine Dokumentation</subfield></datafield><datafield tag="410" ind1="-" ind2="1"><subfield code="a">Solingen</subfield></datafield><datafield tag="412" ind1="-" ind2="1"><subfield code="a">Stadtsparkasse</subfield></datafield><datafield tag="425" ind1="-" ind2="1"><subfield code="a">1993</subfield></datafield><datafield tag="425" ind1="a" ind2="1"><subfield code="a">1993</subfield></datafield><datafield tag="433" ind1="-" ind2="1"><subfield code="a">32 S. : zahlr. Ill.</subfield></datafield><datafield tag="537" ind1="-" ind2="1"><subfield code="a">UB+</subfield></datafield><datafield tag="540" ind1="a" ind2="1"><subfield code="a">3-929961-00-8</subfield></datafield><datafield tag="700" ind1="n" ind2="1"><subfield code="a">Solingen</subfield><subfield code="0">https://nwbib.de/spatial#Q2942</subfield></datafield><datafield tag="700" ind1="n" ind2="1"><subfield code="a">Einzelne Hochschullehrer und Wissenschaftler</subfield><subfield code="0">https://nwbib.de/subjects#N797010</subfield></datafield><datafield tag="902" ind1="-" ind2="1"><subfield code="p">Meigen, Johann Wilhelm</subfield><subfield code="d">1764-1845</subfield><subfield code="9">(DE-588)189414901</subfield></datafield><datafield tag="907" ind1="-" ind2="1"><subfield code="g">Solingen</subfield><subfield code="9">(DE-588)4055431-4</subfield></datafield><datafield tag="907" ind1="-" ind2="1"><subfield code="s">Wissenschaftler</subfield><subfield code="9">(DE-588)4066567-7</subfield></datafield><datafield tag="912" ind1="-" ind2="1"><subfield code="p">Meigen, Johann Wilhelm</subfield><subfield code="d">1764-1845</subfield><subfield code="9">(DE-588)189414901</subfield></datafield><datafield tag="917" ind1="-" ind2="1"><subfield code="s">Entomologe</subfield><subfield code="9">(DE-588)4262309-1</subfield></datafield><datafield tag="922" ind1="-" ind2="1"><subfield code="s">Wissenschaftler</subfield><subfield code="9">(DE-588)4066567-7</subfield></datafield><controlfield tag="SYS">011048675</controlfield><datafield tag="957" ind1="-" ind2="1"><subfield code="k">Solingen</subfield><subfield code="b">Oberstadtdirektor</subfield></datafield><datafield tag="957" ind1="-" ind2="1"><subfield code="k">Oberstadtdirektor</subfield><subfield code="h">Solingen</subfield></datafield><datafield tag="957" ind1="-" ind2="1"><subfield code="k">Solingen</subfield><subfield code="b">Presse- und Werbeamt</subfield></datafield><datafield tag="957" ind1="-" ind2="1"><subfield code="k">Presse- und Werbeamt</subfield><subfield code="h">Solingen</subfield></datafield><datafield tag="957" ind1="-" ind2="1"><subfield code="k">Solingen</subfield><subfield code="b">Oberbürgermeister</subfield></datafield><datafield tag="957" ind1="-" ind2="1"><subfield code="k">Oberbürgermeister</subfield><subfield code="h">Solingen</subfield></datafield><datafield tag="957" ind1="-" ind2="1"><subfield code="k">Solingen</subfield><subfield code="b">Presseamt</subfield></datafield><datafield tag="957" ind1="-" ind2="1"><subfield code="k">Presseamt</subfield><subfield code="h">Solingen</subfield></datafield><datafield tag="957" ind1="-" ind2="1"><subfield code="k">Solingen</subfield><subfield code="b">Stadtverwaltung</subfield></datafield><datafield tag="957" ind1="-" ind2="1"><subfield code="k">Stadtverwaltung</subfield><subfield code="h">Solingen</subfield></datafield><datafield tag="957" ind1="-" ind2="1"><subfield code="k">Solingen</subfield><subfield code="b">Hauptverwaltung</subfield></datafield><datafield tag="957" ind1="-" ind2="1"><subfield code="k">Hauptverwaltung</subfield><subfield code="h">Solingen</subfield></datafield><datafield tag="957" ind1="-" ind2="1"><subfield code="g">Stadt Solingen</subfield></datafield><datafield tag="957" ind1="-" ind2="1"><subfield code="g">Klingenstadt Solingen</subfield></datafield><datafield tag="957" ind1="-" ind2="1"><subfield code="g">Salingiacum</subfield></datafield><datafield tag="957" ind1="-" ind2="1"><subfield code="s">Forscher</subfield></datafield><datafield tag="957" ind1="-" ind2="1"><subfield code="s">Wissenschaftler</subfield><subfield code="x">Elite</subfield></datafield><datafield tag="957" ind1="-" ind2="1"><subfield code="s">Wissenschaftliche Elite</subfield></datafield><datafield tag="967" ind1="-" ind2="1"><subfield code="s">Insektenforscher</subfield></datafield><datafield tag="972" ind1="-" ind2="1"><subfield code="s">Forscher</subfield></datafield><datafield tag="972" ind1="-" ind2="1"><subfield code="s">Wissenschaftler</subfield><subfield code="x">Elite</subfield></datafield><datafield tag="972" ind1="-" ind2="1"><subfield code="s">Wissenschaftliche Elite</subfield></datafield><datafield tag="088" ind1=" " ind2=" "><subfield code="a">Sol 1</subfield><subfield code="c">MA 3264/[1]</subfield><subfield code="e">keine ILL</subfield></datafield><datafield tag="088" ind1=" " ind2=" "><subfield code="a">Sol 1</subfield><subfield code="c">MA 3264/[1] (b)</subfield><subfield code="e">keine ILL</subfield></datafield></record></metadata></record></ListRecords></OAI-PMH>